@article{paper_1,
	author =       "Mohit Sewak and Sanjay K. Sahay and Hemant Rathore",
	title =        "Comparison of Deep Learning and the Classical Machine Learning Algorithm for the Malware Detection",
	journal =      "2018 19th IEEE/ACIS International Conference on Software Engineering, Artificial Intelligence, Networking and Parallel/Distributed Computing (SNPD)",
	pages =        "293-296",
	year =         "2018",
	DOI =          "10.1109/SNPD.2018.8441123"
}

@article{paper_2,
	author =       "Ali Al Zaabi and Djedjiga Mouheb",
	title =        "Android Malware Detection Using Static Features and Machine Learning",
	journal =      "2020 International Conference on Communications, Computing, Cybersecurity, and Informatics (CCCI)",
	pages =        "1â€“5",
	year =         "2020",
	DOI =          "10.1109/CCCI49893.2020.9256450"
}

@book{texbook,
  author = {Donald E. Knuth},
  year = {1986},
  title = {The \TeX{} Book},
  publisher = {Addison-Wesley Professional}
}
@book{latex:companion,
  author = {Frank Mittelbach and Michel Gossens
            and Johannes Braams and David Carlisle
            and Chris Rowley},
  year = {2004},
  title = {The \LaTeX{} Companion},
  publisher = {Addison-Wesley Professional},
  edition = {2}
}

@book{latex2e,
  author = {Leslie Lamport},
  year = {1994},
  title = {\LaTeX: a Document Preparation System},
  publisher = {Addison Wesley},
  address = {Massachusetts},
  edition = {2}
}

@article{knuth:1984,
  title={Literate Programming},
  author={Donald E. Knuth},
  journal={The Computer Journal},
  volume={27},
  number={2},
  pages={97--111},
  year={1984},
  publisher={Oxford University Press}
}

@inproceedings{lesk:1977,
  title={Computer Typesetting of Technical Journals on {UNIX}},
  author={Michael Lesk and Brian Kernighan},
  booktitle={Proceedings of American Federation of
             Information Processing Societies: 1977
             National Computer Conference},
  pages={879--888},
  year={1977},
  address={Dallas, Texas}
}