@article{paper_1,
	author =       "Zhanni Luo",
	title =        "Gamification for educational purposes: What are the factors contributing to varied effectiveness?",
	journal =      "Education and Information Technologies Volume 27",
	pages =        "891-915",
	year =         "2022",
	DOI =          "https://doi-org.ejournal.mahidol.ac.th/10.1007/s10639-021-10642-9"
}

@article{paper_2,
	author =       "Muhammad Kamarul Kabilan, Nagaletchimee Annamalai, and Kee-Man Chuah ",
	title =        "Practices, purposes and challenges in integrating gamification using technology: A mixed-methods study on university academics",
	journal =      "Education and Information Technologies Volume 28",
	pages =        "14249-14281",
	year =         "2023",
	DOI =          "https://doi-org.ejournal.mahidol.ac.th/10.1007/s10639-023-11723-7"
}

@article{paper_3,
	author =       "Rodrigo Smiderle, Sandro José Rigo, Leonardo B. Marques, Jorge Arthur Peçanha de Miranda Coelho and Patricia A. Jaques",
	title =        "The impact of gamification on students’ learning, engagement and behavior based on their personality traits",
	journal =      "Smart Learning Environments Volume 7",
	pages =        "article number 3",
	year =         "2020",
	DOI =          "https://doi-org.ejournal.mahidol.ac.th/10.1186/s40561-019-0098-x"
}

@article{paper_4,
	author =       "Yunjo An",
	title =        "The Impact of Gamification on Doctoral Students’ Perceptions, Emotions, and Learning in an Online Environment",
	journal =      "TechTrends Volume 67",
	pages =        "706-717",
	year =         "2023",
	DOI =          "https://doi-org.ejournal.mahidol.ac.th/10.1007/s11528-022-00833-7"
}

@InProceedings{paper_5,
	author="Toda, Armando M. and Valle, Pedro H. D. and Isotani, Seiji",
	title="The Dark Side of Gamification: An Overview of Negative Effects of Gamification in Education",
	booktitle="Higher Education for All. From Challenges to Novel Technology-Enhanced Solutions",
	year="2018",
	publisher="Springer International Publishing",
	pages="143--156"
}


@book{DataMiningbook,
	author    = "Jiawei Han and Micheline Kamber and Jian Pei",
	title     = "Data Mining: Concepts and Techniques (The Morgan Kaufmann Series in Data Management Systems)",
	year      = "c2012",
	edition	  = "3rd ed.",
	publisher = "Burlington, Mass. : Elseviern"
}

@misc{overleaf,
	author    = "Overleaf",
	title     = "Overleaf LaTeX tutorials",
	year      = "2023",
	url       = "https://www.overleaf.com/learn/latex/Tutorials"
}
